@book(foo,
	author = "Hero Protagonist",
	title = "The Life of Foo"
)
